@misc{fasta,
  author = {{Yangzhag Lab}},
  title = "What is FASTA format?",
  year = "2010",
  url = "https://zhanglab.ccmb.med.umich.edu/FASTA/",
  note = "[Online; accessed 6 March 2019]"
}

@misc{transcription,
  author = {{Transcription (biology)}},
  title = "Transcription (biology)",
  year = "2019",
  url = "https://en.wikipedia.org/wiki/Transcription_(biology)",
  note = "[Online; accessed 6-March-2019]"
}

@article{Carrillo:1988:MSA:53867.53874,
 author = {Carrillo, Humberto and Lipman, David},
 title = {The Multiple Sequence Alignment Problem in Biology},
 journal = {SIAM J. Appl. Math.},
 issue_date = {October 1988},
 volume = {48},
 number = {5},
 month = oct,
 year = {1988},
 issn = {0036-1399},
 pages = {1073--1082},
 numpages = {10},
 url = {http://dx.doi.org/10.1137/0148063},
 doi = {10.1137/0148063},
 acmid = {53874},
 publisher = {Society for Industrial and Applied Mathematics},
 address = {Philadelphia, PA, USA},
} 